@article{li2016multi,
  title={Multi-objective optimization for integrated hydro--photovoltaic power system},
  author={Li, Fang-Fang and Qiu, Jun},
  journal={Applied energy},
  volume={167},
  pages={377--384},
  year={2016},
  publisher={Elsevier}
}

@article{wan2015photovoltaic,
  title={Photovoltaic and solar power forecasting for smart grid energy management},
  author={Wan, Can and Zhao, Jian and Song, Yonghua and Xu, Zhao and Lin, Jin and Hu, Zechun},
  journal={CSEE Journal of Power and Energy Systems},
  volume={1},
  number={4},
  pages={38--46},
  year={2015},
  publisher={CSEE}
}

@article{yang2014solar,
  title={Solar irradiance forecasting using a ground-based sky imager developed at UC San Diego},
  author={Yang, Handa and Kurtz, Ben and Nguyen, Dung and Urquhart, Bryan and Chow, Chi Wai and Ghonima, Mohamed and Kleissl, Jan},
  journal={Solar Energy},
  volume={103},
  pages={502--524},
  year={2014},
  publisher={Elsevier}
}

@article{huld2012new,
  title={A new solar radiation database for estimating PV performance in Europe and Africa},
  author={Huld, Thomas and M{\"u}ller, Richard and Gambardella, Attilio},
  journal={Solar Energy},
  volume={86},
  number={6},
  pages={1803--1815},
  year={2012},
  publisher={Elsevier}
}

@article{schweiger2017understanding,
  title={Understanding the energy yield of photovoltaic modules in different climates by linear performance loss analysis of the module performance ratio},
  author={Schweiger, Markus and Herrmann, Werner and Gerber, Andreas and Rau, Uwe},
  journal={IET Renewable Power Generation},
  volume={11},
  number={5},
  pages={558--565},
  year={2017},
  publisher={IET}
}

@article{wan2015photovoltaic,
  title={Photovoltaic and solar power forecasting for smart grid energy management},
  author={Wan, Can and Zhao, Jian and Song, Yonghua and Xu, Zhao and Lin, Jin and Hu, Zechun},
  journal={CSEE Journal of Power and Energy Systems},
  volume={1},
  number={4},
  pages={38--46},
  year={2015},
  publisher={CSEE}
}

@article{deo2017forecasting,
  title={Forecasting long-term global solar radiation with an ANN algorithm coupled with satellite-derived (MODIS) land surface temperature (LST) for regional locations in Queensland},
  author={Deo, Ravinesh C and {\c{S}}ahin, Mehmet},
  journal={Renewable and Sustainable Energy Reviews},
  volume={72},
  pages={828--848},
  year={2017},
  publisher={Elsevier}
}

@article{antonanzas2016review,
  title={Review of photovoltaic power forecasting},
  author={Antonanzas, Javier and Osorio, Natalia and Escobar, Rodrigo and Urraca, Ruben and Martinez-de-Pison, Francisco J and Antonanzas-Torres, Fernando},
  journal={Solar Energy},
  volume={136},
  pages={78--111},
  year={2016},
  publisher={Elsevier}
}


@article{yang2014solar,
  title={Solar irradiance forecasting using a ground-based sky imager developed at UC San Diego},
  author={Yang, Handa and Kurtz, Ben and Nguyen, Dung and Urquhart, Bryan and Chow, Chi Wai and Ghonima, Mohamed and Kleissl, Jan},
  journal={Solar Energy},
  volume={103},
  pages={502--524},
  year={2014},
  publisher={Elsevier}
}

@article{fathi2015automated,
  title={Automated as-built 3D reconstruction of civil infrastructure using computer vision: Achievements, opportunities, and challenges},
  author={Fathi, Habib and Dai, Fei and Lourakis, Manolis},
  journal={Advanced Engineering Informatics},
  volume={29},
  number={2},
  pages={149--161},
  year={2015},
  publisher={Elsevier}
}

@article{yilmaz2009pitch,
  title={Pitch angle control in wind turbines above the rated wind speed by multi-layer perceptron and radial basis function neural networks},
  author={Yilmaz, Ahmet Serdar and {\"O}zer, Zafer},
  journal={Expert Systems with Applications},
  volume={36},
  number={6},
  pages={9767--9775},
  year={2009},
  publisher={Elsevier}
}

@article{quan2016fusionnet,
  title={Fusionnet: A deep fully residual convolutional neural network for image segmentation in connectomics},
  author={Quan, Tran Minh and Hildebrand, David GC and Jeong, Won-Ki},
  journal={arXiv preprint arXiv:1612.05360},
  year={2016}
}

@article{howard2013some,
  title={Some improvements on deep convolutional neural network based image classification},
  author={Howard, Andrew G},
  journal={arXiv preprint arXiv:1312.5402},
  year={2013}
}

@article{Ketkar2017Convolutional,
  title={Convolutional Neural Networks},
  author={Ketkar, Nikhil},
  year={2017},
}

@article{lin2013network,
  title={Network in network},
  author={Lin, Min and Chen, Qiang and Yan, Shuicheng},
  journal={arXiv preprint arXiv:1312.4400},
  year={2013}
}

@article{liu2018wind,
  title={Wind speed forecasting method based on deep learning strategy using empirical wavelet transform, long short term memory neural network and Elman neural network},
  author={Liu, Hui and Mi, Xi-wei and Li, Yan-fei},
  journal={Energy conversion and management},
  volume={156},
  pages={498--514},
  year={2018},
  publisher={Elsevier}
}

@article{li2018prediction,
  title={Prediction for tourism flow based on LSTM neural network},
  author={Li, YiFei and Cao, Han},
  journal={Procedia Computer Science},
  volume={129},
  pages={277--283},
  year={2018},
  publisher={Elsevier}
}

@article{gers1999learning,
  title={Learning to forget: Continual prediction with LSTM},
  author={Gers, Felix A and Schmidhuber, J{\"u}rgen and Cummins, Fred},
  year={1999},
  publisher={IET}
}

@article{wang2018research,
  title={Research on optimization of big data construction engineering quality management based on RNN-LSTM},
  author={Wang, Daopeng and Fan, Jifei and Fu, Hanliang and Zhang, Bing},
  journal={Complexity},
  volume={2018},
  year={2018},
  publisher={Hindawi}
}

@article{zhang2018use,
  title={Use long short-term memory to enhance Internet of Things for combined sewer overflow monitoring},
  author={Zhang, Duo and Lindholm, Geir and Ratnaweera, Harsha},
  journal={Journal of hydrology},
  volume={556},
  pages={409--418},
  year={2018},
  publisher={Elsevier}
}